
@article{Alpher02,
author = {A. Alpher},
title = {Frobnication},
journal = {Journal of Foo},
volume = 12, 
number = 1, 
pages = {234--778}, 
year = 2002
}

@article{MGeval,
author = {L. Yang and A. Lerch},
title = {On the evaluation of generative models in music},
journal = {\url{https://www.researchgate.net/publication/328728367_On_the_evaluation_of_generative_models_in_music}},
% volume = 13, 
% number = 1, 
% pages = {234--778}, 
year = 2018
}

@article{Composer,
author = {CodeParade},
title = {Generating Songs With Neural Networks (Neural Composer)},
journal = {\url{https://www.youtube.com/watch?v=UWxfnNXlVy8}},
% volume = 13, 
% number = 1, 
% pages = {234--778}, 
year = 2018
}

@article{MidiWiki,
author = {Wikipedia},
title = {MIDI},
journal = {\url{https://en.wikipedia.org/wiki/MIDI}}
}
